<record><leader>00000cas a2200000 a 4500</leader><controlfield tag="001">13726830</controlfield><controlfield tag="008">860613c19819999fluwr ne      0   b0spa c</controlfield><datafield ind1=" " ind2=" " tag="010"><subfield code="a">sn 86001591 </subfield><subfield code="z">sn 88063042 </subfield></datafield><datafield ind1=" " ind2=" " tag="040"><subfield code="a">NSD</subfield><subfield code="b">eng</subfield><subfield code="c">NSD</subfield><subfield code="d">DLC</subfield><subfield code="d">NSD</subfield><subfield code="d">OCL</subfield><subfield code="d">FUG</subfield><subfield code="d">DLC</subfield><subfield code="d">NYS</subfield><subfield code="d">OCLCQ</subfield><subfield code="d">NSD</subfield><subfield code="d">OCLCQ</subfield><subfield code="d">OCLCF</subfield><subfield code="d">OCLCO</subfield></datafield><datafield ind1=" " ind2=" " tag="012"><subfield code="l">1</subfield></datafield><datafield ind1=" " ind2=" " tag="019"><subfield code="a">14871530</subfield><subfield code="a">271819130</subfield></datafield><datafield ind1="1" ind2=" " tag="022"><subfield code="a">0888-756X</subfield><subfield code="l">0888-756X</subfield><subfield code="2">1</subfield></datafield><datafield ind1="1" ind2=" " tag="029"><subfield code="a">AU@</subfield><subfield code="b">000021487527</subfield></datafield><datafield ind1="1" ind2=" " tag="029"><subfield code="a">AU@</subfield><subfield code="b">000043481328</subfield></datafield><datafield ind1="1" ind2=" " tag="029"><subfield code="a">AU@</subfield><subfield code="b">000044066954</subfield></datafield><datafield ind1=" " ind2=" " tag="037"><subfield code="b">685 South C.R. 427, Longwood, FL 32750</subfield></datafield><datafield ind1=" " ind2=" " tag="042"><subfield code="a">nsdp</subfield><subfield code="a">pcc</subfield></datafield><datafield ind1=" " ind2=" " tag="043"><subfield code="a">n-us-fl</subfield></datafield><datafield ind1="1" ind2="0" tag="050"><subfield code="a">ISSN RECORD</subfield></datafield><datafield ind1="0" ind2=" " tag="130"><subfield code="a">Prensa (Orlando, Fla.)</subfield></datafield><datafield ind1=" " ind2="3" tag="222"><subfield code="a">La Prensa</subfield><subfield code="b">(Orlando, Fla.)</subfield></datafield><datafield ind1="1" ind2="3" tag="245"><subfield code="a">La prensa.</subfield></datafield><datafield ind1=" " ind2=" " tag="250"><subfield code="a">Florida Central [ed.].</subfield></datafield><datafield ind1=" " ind2=" " tag="260"><subfield code="a">Orlando, FL :</subfield><subfield code="b">La Prensa Newspaper</subfield></datafield><datafield ind1=" " ind2=" " tag="300"><subfield code="a">v. :</subfield><subfield code="b">ill. ;</subfield><subfield code="c">43 cm.</subfield></datafield><datafield ind1=" " ind2=" " tag="310"><subfield code="a">Weekly</subfield></datafield><datafield ind1="1" ind2=" " tag="362"><subfield code="a">"Fundada el 21 de agosto de 1981."</subfield></datafield><datafield ind1=" " ind2=" " tag="500"><subfield code="a">Published in Orlando, &lt;1986-1988&gt;; in Longwood, &lt;1996&gt;.</subfield></datafield><datafield ind1=" " ind2=" " tag="500"><subfield code="a">&quot;Cubriendo la Florida Central,&quot; &lt;1996&gt;; &quot;El perio&#769;dico hispano del la Florida Central,&quot; &lt;2000&gt;.</subfield></datafield><datafield ind1="8" ind2=" " tag="521"><subfield code="a">"Hispanic."</subfield></datafield><datafield ind1=" " ind2=" " tag="530"><subfield code="a">Available from on optical disc from Ethnic Newswatch.</subfield></datafield><datafield ind1=" " ind2=" " tag="546"><subfield code="a">In Spanish.</subfield></datafield><datafield ind1=" " ind2=" " tag="580"><subfield code="a">Dade y Broward ed.: Prensa (Longwood, Fla.), &lt;1996&gt;.</subfield></datafield><datafield ind1=" " ind2=" " tag="588"><subfield code="a">Description based on: Vol. 6, nu&#769;m. 22 (22-28 mayo de 1986).</subfield></datafield><datafield ind1=" " ind2=" " tag="588"><subfield code="a">Latest issue consulted: Vol. 20, ed. 12 (21 de marzo de 2002).</subfield></datafield><datafield ind1=" " ind2="0" tag="650"><subfield code="a">Hispanic Americans</subfield><subfield code="z">Florida</subfield><subfield code="v">Newspapers.</subfield></datafield><datafield ind1=" " ind2="0" tag="651"><subfield code="a">Orlando (Fla.)</subfield><subfield code="v">Newspapers.</subfield></datafield><datafield ind1=" " ind2="0" tag="651"><subfield code="a">Orange County (Fla.)</subfield><subfield code="v">Newspapers.</subfield></datafield><datafield ind1=" " ind2="0" tag="651"><subfield code="a">Longwood (Fla.)</subfield><subfield code="v">Newspapers.</subfield></datafield><datafield ind1=" " ind2="0" tag="651"><subfield code="a">Seminole County (Fla.)</subfield><subfield code="v">Newspapers.</subfield></datafield><datafield ind1=" " ind2="7" tag="655"><subfield code="a">Newspapers.</subfield><subfield code="2">fast</subfield><subfield code="0">(OCoLC)fst01423814</subfield></datafield><datafield ind1=" " ind2="7" tag="650"><subfield code="a">Hispanic Americans.</subfield><subfield code="2">fast</subfield><subfield code="0">(OCoLC)fst00957523</subfield></datafield><datafield ind1=" " ind2="7" tag="651"><subfield code="a">Florida.</subfield><subfield code="2">fast</subfield><subfield code="0">(OCoLC)fst01205150</subfield></datafield><datafield ind1=" " ind2="7" tag="651"><subfield code="a">Florida</subfield><subfield code="z">Longwood.</subfield><subfield code="2">fast</subfield><subfield code="0">(OCoLC)fst01215860</subfield></datafield><datafield ind1=" " ind2="7" tag="651"><subfield code="a">Florida</subfield><subfield code="z">Orange County.</subfield><subfield code="2">fast</subfield><subfield code="0">(OCoLC)fst01211878</subfield></datafield><datafield ind1=" " ind2="7" tag="651"><subfield code="a">Florida</subfield><subfield code="z">Orlando.</subfield><subfield code="2">fast</subfield><subfield code="0">(OCoLC)fst01204036</subfield></datafield><datafield ind1=" " ind2="7" tag="651"><subfield code="a">Florida</subfield><subfield code="z">Seminole County.</subfield><subfield code="2">fast</subfield><subfield code="0">(OCoLC)fst01210831</subfield></datafield><datafield ind1=" " ind2=" " tag="752"><subfield code="a">United States</subfield><subfield code="b">Florida</subfield><subfield code="c">Seminole</subfield><subfield code="d">Longwood.</subfield></datafield><datafield ind1=" " ind2=" " tag="752"><subfield code="a">United States</subfield><subfield code="b">Florida</subfield><subfield code="c">Orange</subfield><subfield code="d">Orlando.</subfield></datafield><datafield ind1="1" ind2=" " tag="775"><subfield code="a">Prensa (Longwood, Fla.)</subfield><subfield code="g">&lt;1996&gt;</subfield><subfield code="w">(DLC)sn 97027675</subfield><subfield code="w">(OCoLC)36545600</subfield></datafield><datafield ind1="1" ind2=" " tag="776"><subfield code="c">Optical disc</subfield><subfield code="d">Ethnic newswatch</subfield><subfield code="w">(OCoLC)33252346</subfield></datafield></record>